@INPROCEEDINGS{Eskandarian, 
author={A. Eskandarian and A. Mortazavi}, 
booktitle={2007 IEEE Intelligent Vehicles Symposium}, 
title={Evaluation of a Smart Algorithm for Commercial Vehicle Driver Drowsiness Detection}, 
year={2007}, 
pages={553-559}, 
doi={10.1109/IVS.2007.4290173}, 
ISSN={1931-0587}, 
month={June}
}

@article{Gundel1992,
author="A. Gundel and G. F. Wilson",
title="Topographical changes in the ongoing {EEG} related to the difficulty of mental tasks",
journal="Brain Topography",
year="1992",
volume="5",
number="1",
pages="17--25",
issn="1573-6792",
doi="10.1007/BF01129966",
url="http://dx.doi.org/10.1007/BF01129966"
}

@article{Lv2010,
author={J.-Y. Lv and T. Wang and J. Qiu and S.-H. Feng and S. Tu and  D.-T. Wei},
title={{The electrophysiological effect of working memory load on involuntary attention in an auditory--visual distraction paradigm: an ERP study}},
journal={Experimental Brain Research},
year={2010},
volume={205},
number={1},
pages="81--86",
issn={1432-1106},
url={\url{http://dx.doi.org/10.1007/s00221-010-2360-x}}
}

@article{lei2011,
  author = {S. Lei and M. Roetting},
  journal = {Human Factors},
  keywords = {dblp},
  number = 2,
  pages = {168-179},
  timestamp = {2011-08-05T11:34:10.000+0200},
  title = {{Influence of Task Combination on EEG Spectrum Modulation for Driver Workload Estimation.}},
  volume = 53,
  year = 2011
}

@article{Pal2008,
 author = {N. R. Pal and C.-Y. Chuang, and L.-W. Ko and C.-F. Chao and T.-P. Jung and S.F. Liang and C.-T. Lin},
 title = {{EEG}-based {S}ubject- and {S}ession-independent {D}rowsiness {D}etection: {A}n {U}nsupervised {A}pproach},
 journal = {EURASIP J. Adv. Signal Process},
 issue_date = {January 2008},
 volume = {2008},
 month = jan,
 year = {2008},
 issn = {1110-8657},
 pages = {192:1--192:11},
 articleno = {192},
 numpages = {11},
 url = {http://dx.doi.org/10.1155/2008/519480},
 doi = {10.1155/2008/519480},
 acmid = {1538931},
 publisher = {Hindawi Publishing Corp.},
 address = {New York, NY, United States}
} 

@article{ifcn,
	title = {{IFCN guidelines for topographic and frequency analysis of EEGs and EPs.}},
	author = {G. Deuschl and A. Eisen},
	year = 1999
	howpublished = {\url{http://www.clinph-journal.com/pb/assets/raw/Health%20Advance/journals/clinph/Chapter1-4.pdf}},
  	note = {Zugriff: 2016-08-31}
}

@misc{resGate,
    author = {M. Amd},
    title = {How to get a alpha , beta , gamma, delta, theta waves from Raw wave(EEG)},
    year = {2016},
  howpublished = {\url{https://www.researchgate.net/post/How_to_get_a_alpha_beta_gamma_delta_theta_waves_from_Raw_waveEEG}},
  note = {Zugriff: 2016-08-31}
}

@article{10-20,
    author = {H. H. Jasper},
    journal = {Electroencephalography and Clinical Neurophysiology},
    keywords = {10-20, eeg},
    pages = {371--375},
    posted-at = {2011-08-26 19:58:15},
    priority = {2},
    title = {{The ten twenty electrode system of the international federation}},
    url = {http://ci.nii.ac.jp/naid/10020218106/},
    volume = {10},
    year = {1958}
}

@article{Butterworth30,
    author = {S. Butterworth},
    citeulike-article-id = {5322726},
    journal = {Wireless Engineer},
    keywords = {file-import-09-08-01, unread},
    posted-at = {2009-08-01 18:29:46},
    priority = {3},
    title = {On the Theory of Filter Amplifiers},
    volume = {7},
    year = {1930},
    url = {\url{http://www.gonascent.com/papers/butter.pdf}}
}

@book{marsland_opac-b1129336,
   title = "Machine learning : an algorithmic perspective",
   author = " S. Marsland",
   series = "Chapman \& Hall/CRC machine learning \& pattern recognition series",
   publisher = "CRC Press",
   address = "Boca Raton",
   url = "http://opac.inria.fr/record=b1129336",
   isbn = "978-1-4200-6718-7",
   note = "A Chapman \& Hall book.",
   year = {2009}
}

@misc{accident_statistic,
  title = {Zahl der {V}erkehrstoten steigt im {J}ahr 2015 vorrausichtlich auf etwa 3450},
  author = {Stat. Bundesamt},
  year = {2015},
  howpublished = {\url{https://www.destatis.de/DE/PresseService/Presse/Pressemitteilungen/2015/12/PD15_463_46241.html}},
  note = {Zugriff: 2016-08-31}
}

@article{ann,
year={1943},
issn={0007-4985},
journal={The bulletin of mathematical biophysics},
volume={5},
number={4},
doi={10.1007/BF02478259},
title={A logical calculus of the ideas immanent in nervous activity},
url={\url{http://dx.doi.org/10.1007/BF02478259}},
publisher={Kluwer Academic Publishers},
author={W. S. McCulloch and W. Pitts},
pages={115-133},
language={English}
}

@book{Widder_1,
  author = { D. V. Widder },
  year = { 1941 },
  title = { The Laplace Transform }, 
  publisher = {  Princeton University Press }
}

@book{Bochner_1,
  author = { S. Bochner and K. Chandrasekharan},
  year = { 1949 },
  title = { Fourier Transforms }, 
  publisher = { Princeton University Press }
}

@ARTICLE{Bergasa_1603553, 
author={L. M. Bergasa and J. Nuevo and M. A. Sotelo and R. Barea and M.E. Lopez}, 
journal={Intelligent Transportation Systems, IEEE Transactions on}, 
title={Real-time system for monitoring driver vigilance}, 
year={2006}, 
volume={7}, 
number={1}, 
pages={63-77}, 
doi={10.1109/TITS.2006.869598}, 
ISSN={1524-9050}, 
month={March}
}

@book{Chui:1992:IW:163196,
 author = {C. K. Chui},
 title = {An Introduction to Wavelets},
 year = {1992},
 isbn = {0-12-174584-8},
 publisher = {Academic Press Professional, Inc.},
 address = {San Diego, CA, USA},
 url = {\url{https://www.fmi.uni-sofia.bg/fmi/analys/Resources/Wavelets/Chui%20C.%20K.%20An%20Introduction%20to%20Wavelets%20(Wavelet%20Analysis%20and%20Its%20Applications%20Series)%20(1992)(en)(280s).pdf}}
} 

@misc{bcgperspectives,
  title = {A Roadmap to Safer Driving Through Advanced Driver Assistance Systems},
  author = {X. Mosquet and M. Andersen and A. Arora},
  year = {2015},
  howpublished = {\url{https://www.bcgperspectives.com/Images/MEMA-BCG-A-Roadmap-to-Safer-Driving-Sep-2015.pdf}},
  note = {Zugriff: 2016-08-31},
  publisher = {The Boston Consulting Group}
}

@misc{strategy_analytics,
  title = {Advanced Driver Assistance Systems Forecast - Aug 2015},
  author = {Strategy Analytics},
  year = {2015},
  howpublished = {\url{https://www.strategyanalytics.com/access-services/automotive/powertrain-body-chassis-and-safety/market-data/report-detail/advanced-driver-assistance-systems-forecast---aug-2015}},
  note = {Zugriff: 2016-08-31}
}

@misc{dvr_statistic,
  title = {{Unterschätzte Risikofaktoren Übermüdung und Ablenkung als Ursachen für schwere Lkw-Unfälle}},
  author = {C. Evers},
  year = {2008},
  howpublished = {\url{http://www.dvr.de/presse/seminare/904_20.htm}},
  note = {Zugriff: 2016-08-31}
}

@inproceedings{svm,
 author = {B. E. Boser and I. M. Guyon and V. N. Vapnik},
 title = {{A Training Algorithm for Optimal Margin Classifiers}},
 booktitle = {Proceedings of the Fifth Annual Workshop on Computational Learning Theory},
 series = {COLT '92},
 year = {1992},
 isbn = {0-89791-497-X},
 location = {Pittsburgh, Pennsylvania, USA},
 pages = {144--152},
 numpages = {9},
 url = {http://doi.acm.org/10.1145/130385.130401},
 doi = {10.1145/130385.130401},
 acmid = {130401},
 publisher = {ACM},
 address = {New York, NY, USA}
} 

@misc{nsf_statistic,
  title = {{Drivers Beware: Getting Enough Sleep Can Save Your Life this Memorial Day}},
  author = {National Sleep Foundation},
  year = {2010},
  howpublished = {\url{http://us1.campaign-archive.com/?u=72c7dac36ef8bcb0852893d7c&id=56d88442b5}},
  note = {Zugriff: 2016-08-31}
}

@inproceedings{Murthy_1,
 author = {K. Murthy and Z. A. Khan},
 title = {{Smart Alert System for Driver Drowsiness Using EEG and Eyelid Movements}},
 booktitle = {Middle-East Journal of Scientific Research 14},
 year = {2013},
 issn = {1990-9233},
 pages = {610-619},
 url = {\url{http://www.idosi.org/mejsr/mejsr14(5)13/4.pdf}},
 doi = {10.5829/idosi.mejsr.2013.14.5.73106},
 publisher = {IDOSI Publications}
} 

@inproceedings{Bertoldi:2010:MAD:2002368.2002370,
 author = {E. Bertoldi and L. Filgueiras},
 title = {{Multimodal Advanced Driver Assistance Systems: An Overview}},
 booktitle = {Proceedings of the 2Nd International Workshop on Multimodal Interfaces for Automotive Applications},
 series = {MIAA '10},
 year = {2010},
 isbn = {978-1-60558-997-8},
 location = {Hong Kong, China},
 pages = {2--5},
 numpages = {4},
 url = {http://doi.acm.org/10.1145/2002368.2002370},
 doi = {10.1145/2002368.2002370},
 acmid = {2002370},
 publisher = {ACM},
 address = {New York, NY, USA}
} 

@inproceedings{Bundele:2009:DFV:1806338.1806478,
 author = {M. M. Bundele and R. Banerjee},
 title = {{Detection of Fatigue of Vehicular Driver Using Skin Conductance and Oximetry Pulse: A Neural Network Approach}},
 booktitle = {Proceedings of the 11th International Conference on Information Integration and Web-based Applications \&Amp; Services},
 series = {iiWAS '09},
 year = {2009},
 isbn = {978-1-60558-660-1},
 location = {Kuala Lumpur, Malaysia},
 pages = {739--744},
 numpages = {6},
 url = {http://doi.acm.org/10.1145/1806338.1806478},
 doi = {10.1145/1806338.1806478},
 acmid = {1806478},
 publisher = {ACM},
 address = {New York, NY, USA}
} 

@inproceedings{Park:2009:DDD:1667780.1667798,
 author = {H. Park and S. Oh and M. Hahn},
 title = {{Drowsy Driving Detection Based on Human Pulse Wave by Photoplethysmography Signal Processing}},
 booktitle = {Proceedings of the 3rd International Universal Communication Symposium},
 series = {IUCS '09},
 year = {2009},
 isbn = {978-1-60558-641-0},
 location = {Tokyo, Japan},
 pages = {89--92},
 numpages = {4},
 url = {http://doi.acm.org/10.1145/1667780.1667798},
 doi = {10.1145/1667780.1667798},
 acmid = {1667798},
 publisher = {ACM},
 address = {New York, NY, USA}
} 

@inproceedings{Choi:2014:DDI:2729485.2729524,
 author = {I.-H. Choi and Y.-G. Kim},
 title = {{Driver's Drowsiness Inference Based on Hidden Markov Model Using Head Pose and Eye-blink Tracking}},
 booktitle = {Proceedings of HCI Korea},
 series = {HCIK '15},
 year = {2014},
 isbn = {978-89-6848-752-1},
 location = {Seoul, Republic of Korea},
 pages = {261--265},
 numpages = {5},
 url = {http://dl.acm.org/citation.cfm?id=2729485.2729524},
 acmid = {2729524},
 publisher = {Hanbit Media, Inc.},
 address = {South Korea},
} 

@incollection{fasFuture,
year={2008},
isbn={978-3-540-74150-3},
booktitle={{Forschung für das Auto von Morgen}},
editor={V. Schindler},
doi={10.1007/978-3-540-74151-0_7},
title={{Fahrerassistenzsysteme der Zukunft – auf dem Weg zum autonomen Pkw?}},
url={http://dx.doi.org/10.1007/978-3-540-74151-0_7},
publisher={Springer Berlin Heidelberg},
author={Kompaß, Klaus},
pages={261-285},
language={German}
}

@inproceedings{Chen:2015:ISV:2742647.2742659,
 author = {D. Chen and K.-T. Cho and S. Han and Z. Jin and K.-G. Shin},
 title = {{Invisible Sensing of Vehicle Steering with Smartphones}},
 booktitle = {Proceedings of the 13th Annual International Conference on Mobile Systems, Applications, and Services},
 series = {MobiSys '15},
 year = {2015},
 isbn = {978-1-4503-3494-5},
 location = {Florence, Italy},
 pages = {1--13},
 numpages = {13},
 url = {http://doi.acm.org/10.1145/2742647.2742659},
 doi = {10.1145/2742647.2742659},
 acmid = {2742659},
 publisher = {ACM},
 address = {New York, NY, USA},
 keywords = {camera-free sensing, driving assistant application, smartphone, vehicle steering detection}
} 

@inproceedings{You:2013:CAA:2462456.2465428,
 author = {C.-W. You and N. D. Lane and F. Chen and R. Wang and Z .Chen and T. J. Bao and M. Montes-de-Oca and Y. Cheng and M. Lin and L. Torresani and A. T. Campbell},
 title = {{CarSafe App: Alerting Drowsy and Distracted Drivers Using Dual Cameras on Smartphones}},
 booktitle = {Proceeding of the 11th Annual International Conference on Mobile Systems, Applications, and Services},
 series = {MobiSys '13},
 year = {2013},
 isbn = {978-1-4503-1672-9},
 location = {Taipei, Taiwan},
 pages = {13--26},
 numpages = {14},
 url = {http://doi.acm.org/10.1145/2462456.2465428},
 doi = {10.1145/2462456.2465428},
 acmid = {2465428},
 publisher = {ACM},
 address = {New York, NY, USA},
} 

@article{Santamaria_eeg,
 author = {J. Santamaria and K. H. Chiappa},
 title = {{The EEG of drowsiness in normal adults.}},
 year = {1987},
 journal = {Journal of Clinical Neurophysiology, Volume 4},
 pages = {327-382} 
}

@ARTICLE{Lin05eeg-baseddrowsiness,
    author = {C.-T. Lin and R.-C. Wu and S.-F. Liang and W.-H. Chao and Y.-J. Chen and T.-P. Jung},
    title = {{EEG-based drowsiness estimation for safety driving using independent component analysis}},
    journal = {IEEE Trans. Circuits Syst. I, Reg. Papers},
    year = {2005},
    pages = {2726--2738}
}

@article{Johnson11,
    author = {R. R. Johnson and D. P. Popovic and R. E. Olmstead and M. Stikic and D. J. Levendowski and C. Berka},
    issn = {1873-6246},
    journal = {Biological psychology},
    month = may,
    number = {2},
    pages = {241--250},
    pmid = {21419826},
    posted-at = {2014-09-17 22:21:09},
    priority = {2},
    title = {{Drowsiness/alertness algorithm development and validation using synchronized EEG and cognitive performance to individualize a generalized model.}},
    url = {http://view.ncbi.nlm.nih.gov/pubmed/21419826},
    volume = {87},
    year = {2011}
}

@article{Zhang:2015:RSD:2753829.2629482,
 author = {L. Zhang and F. Liu and J. Tang},
 title = {{Real-Time System for Driver Fatigue Detection by RGB-D Camera}},
 journal = {ACM Trans. Intell. Syst. Technol.},
 issue_date = {May 2015},
 volume = {6},
 number = {2},
 month = mar,
 year = {2015},
 issn = {2157-6904},
 pages = {22:1--22:17},
 articleno = {22},
 numpages = {17},
 url = {http://doi.acm.org/10.1145/2629482},
 doi = {10.1145/2629482},
 acmid = {2629482},
 publisher = {ACM},
 address = {New York, NY, USA}
} 

@MISC{DVR:Online,
author = {Deutscher Verkehrssicherheitsrat e.V.},
title = {{Müdigkeit im Straßenverkehr}},
year = {2009},
note = {Available at \url{http://www.dvr.de/dvr/beschluesse/vm-ft_muedigkeit.htm}, Zugriff: 2016-08-31}
}

@MISC{Bosch,
author = {Robert Bosch GmbH},
title = {{Bosch Driver Drowsiness Detection}},
year = {2012},
note = {Available at \url{http://www.bosch-presse.de/pressportal/en/bosch-driver-drowsiness-detection-41616.html}, Zugriff: 2016-08-31}
}

@MISC{Daimler,
author = {Daimler AG},
title = {ATTENTION ASSIST},
year = {2013},
note = {Available at \url{https://blog.daimler.de/2013/09/04/einfach-technik-der-attention-assist-von-mercedes-benz}, Zugriff: 2016-08-31}
}

@INPROCEEDINGS{Huang_548971, 
author={R. S. Huang and K. J. Chung and L.-L. Tsai and O. T. C. Chen}, 
booktitle={Neural Networks, 1996., IEEE International Conference on}, 
title={EEG pattern recognition-arousal states detection and classification}, 
year={1996}, 
month={Jun}, 
volume={2}, 
pages={641-646 vol.2}, 
doi={10.1109/ICNN.1996.548971}
}

@article{Vuckovic2002349,
 title = {{Automatic recognition of alertness and drowsiness from EEG by an artificial neural network}},
 journal = {Medical Engineering \& Physics},
 volume = {24},
 number = {5},
 pages = {349 - 360},
 year = {2002},
 url = "http://www.sciencedirect.com/science/article/pii/S1350453302000309",
 author = {A. Vuckovic and V. Radivojevic and A. C.N. Chen and D.  Popovic}
}

@article{Subasi:2005:ARA:1707423.1707550,
 author = {A. Subasi},
 title = {{Automatic Recognition of Alertness Level from EEG by Using Neural Network and Wavelet Coefficients}},
 journal = {Expert Syst. Appl.},
 issue_date = {May, 2005},
 volume = {28},
 number = {4},
 month = may,
 year = {2005},
 issn = {0957-4174},
 pages = {701--711},
 numpages = {11},
 url = {http://dx.doi.org/10.1016/j.eswa.2004.12.027},
 doi = {10.1016/j.eswa.2004.12.027},
 acmid = {1707550},
 publisher = {Pergamon Press, Inc.},
 address = {Tarrytown, NY, USA},
} 

@INPROCEEDINGS{khalifa_893852, 
author={K. B. Khalifa and M. H. Bedoui and R. Raytchev and M. Dogui}, 
booktitle={Microtechnologies in Medicine and Biology, 1st Annual International, Conference On. 2000}, 
title={A portable device for alertness detection}, 
year={2000}, 
pages={584-586}, 
doi={10.1109/MMB.2000.893852}
}

@INPROCEEDINGS{wilson_890161, 
author={B. J. Wilson and T. D. Bracewell}, 
booktitle={Neural Networks for Signal Processing X, 2000. Proceedings of the 2000 IEEE Signal Processing Society Workshop}, 
title={{Alertness monitor using neural networks for EEG analysis}}, 
year={2000}, 
month={}, 
volume={2}, 
pages={814-820 vol.2} 
}

@INPROCEEDINGS{zhang_6513058, 
author={A. Zhang and F. Liu}, 
booktitle={Biomedical Engineering and Informatics (BMEI), 2012 5th International Conference on}, 
title={{Drowsiness detection based on wavelet analysis of ECG and pulse signals}}, 
year={2012}, 
month={Oct}, 
pages={491-495}, 
doi={10.1109/BMEI.2012.6513058}
}

@article{Blana_1,
  author = {E. Blana and J. Golias},
  date = {2010-03-23},
  ee = {http://dx.doi.org/10.1518/0018720024497899},
  journal = {Human Factors},
  keywords = {dblp},
  number = 2,
  pages = {303-313},
  timestamp = {2010-07-21T15:52:45.000+0200},
  title = {{Differences between Vehicle Lateral Displacement on the Road and in a Fixed-Base Simulator.}},
  url = {http://dblp.uni-trier.de/db/journals/hf/hf44.html#BlanaG02},
  volume = 44,
  year = 2002
}

@article{Engstrom_2322937,
    author = {J. Engstrom and E. Johansson and J. Ostlund},
    booktitle = {{The relationship between distraction and driving performance: towards a test regime for in-vehicle information systems}},
    journal = {Transportation Research Part F: Traffic Psychology and Behaviour},
    month = mar,
    number = {2},
    pages = {97--120},
    posted-at = {2010-03-11 15:12:02},
    priority = {2},
    title = {{Effects of visual and cognitive load in real and simulated motorway driving}},
    url = {http://dx.doi.org/10.1016/j.trf.2005.04.012},
    volume = {8},
    year = {2005}
}

@article{Sahayadhas_121216937,
AUTHOR = {A. Sahayadhas and K. Sundaraj and M. Murugappan},
TITLE = {{Detecting Driver Drowsiness Based on Sensors: A Review}},
JOURNAL = {Sensors},
VOLUME = {12},
YEAR = {2012},
NUMBER = {12},
PAGES = {16937},
URL = {http://www.mdpi.com/1424-8220/12/12/16937},
PubMedID = {23223151},
ISSN = {1424-8220},
DOI = {10.3390/s121216937}
}

@INPROCEEDINGS{Rogado_4913155, 
author={E. Rogado and J.L. Garcia and R. Barea and L. M. Bergasa and E. Lopez}, 
booktitle={Robotics and Biomimetics, 2008. ROBIO 2008. IEEE International Conference on}, 
title={Driver fatigue detection system}, 
year={2009}, 
pages={1105-1110}, 
doi={10.1109/ROBIO.2009.4913155}, 
month={Feb}
}

@INPROCEEDINGS{Vicente_6164509, 
author={J. Vicente and P. Laguna and A. Bartra and R. Bailon}, 
booktitle={Computing in Cardiology, 2011}, 
title={{Detection of driver's drowsiness by means of HRV analysis}}, 
year={2011}, 
pages={89-92}, 
ISSN={0276-6547}, 
month={Sept}
}

@article{Horne_1757738, 
author={J. Horne and L. Reyner}, 
journal={Occupational and Environmental Medicine}, 
title={{Vehicle accidents related to sleep: a review}}, 
year={1999}, 
pages={289-294}, 
ISSN={1351-0711}, 
month={May}
}

@article{Peters_1, 
author={R. Peters and E. Wagner and E. Alicandri and J. Fox and M. L. Thomas and D. R. Thorne and H. C. Sing and S. M. Balwinski}, 
journal={Public Roads}, 
title={{Effects of Partial and Total Sleep Deprivation on Driving Performance}}, 
year={1999}, 
pages={2-6}, 
ISSN={0033-3735}, 
month={May}
}

@ARTICLE{Khushaba_5580017, 
author={R. N. Khushaba and S. Kodagoda and S. Lal and G. Dissanayake}, 
journal={Biomedical Engineering, IEEE Transactions on}, 
title={{Driver Drowsiness Classification Using Fuzzy Wavelet-Packet-Based Feature-Extraction Algorithm}}, 
year={2011}, 
volume={58}, 
number={1}, 
pages={121-131}, 
keywords={electro-oculography,electrocardiography,electroencephalography}, 
doi={10.1109/TBME.2010.2077291}, 
ISSN={0018-9294}, 
month={Jan}
}