@MISC{serial,
  TITLE        = "Serielle Bussysteme im Automobil",
  AUTHOR       = "Dipl.-Ing. Eugen Mayer",
  YEAR         = "2008",
  NOTE         = "Online verfügbar unter
                 \url{http://vector.com/portal/medien/cmc/press/PressReport-SerielleBussysteme-DE.pdf}; 
                 Besucht am 21.07.2015"
}

@book{meinel_mathematische_2009,
	address = {Wiesbaden},
	title = {Mathematische Grundlagen der Informatik: mathematisches Denken und Beweisen ; eine Einführung},
	isbn = {9783834806666 3834806668},
	shorttitle = {Mathematische Grundlagen der Informatik},
	language = {German},
	publisher = {Vieweg + Teubner},
	author = {Meinel, Christoph and Mundhenk, Martin},
	year = {2009}
}

