
@book{tidwell_designing_2011,
	address = {Sebastopol, {CA}},
	title = {Designing interfaces},
	isbn = {1449379702  9781449379704},
	abstract = {This text offers advice on creating user-friendly interface designs - whether they're delivered on the Web, a {CD}, or a 'smart' device like a cell phone. It presents solutions to common {UI} design problems as a collection of patterns - each containing concrete examples, recommendations, and warnings.},
	language = {English},
	publisher = {{O'Reilly}},
	author = {Tidwell, Jenifer},
	year = {2011}
}